@Article{Sousa2019,
  author    = {Sousa, F.S. and Lages, C.F. and Ansoni, J.L. and Castelo, A. and Simao, A.},
  journal   = {Journal of Computational Physics},
  title     = {A finite difference method with meshless interpolation for incompressible flows in non-graded tree-based grids},
  year      = {2019},
  issn      = {0021-9991},
  month     = nov,
  pages     = {848--866},
  volume    = {396},
  doi       = {10.1016/j.jcp.2019.07.011},
  publisher = {Elsevier BV},
}

@Article{CastilloSanchez2023,
  author    = {Castillo-Sánchez, Hugo A. and Bertoco, Juliana and de Araújo, Manoel S.B. and Castelo, Antonio},
  journal   = {Computers; Fluids},
  title     = {Numerical simulation of thixotropic–viscoelastic models for structured fluids in hierarchical grids},
  year      = {2023},
  issn      = {0045-7930},
  month     = nov,
  pages     = {106045},
  volume    = {266},
  doi       = {10.1016/j.compfluid.2023.106045},
  publisher = {Elsevier BV},
}

@PhdThesis{raymundo,
  author = {Raymundo, Daniel Garcia Leal},
  school = {Universidade de São Paulo. Agência de Bibliotecas e Coleções Digitais},
  title  = {Simulações numéricas de escoamentos bifásicos eletroosmóticos viscoelásticos em malhas hierárquicas},
  year   = {2024},
  doi    = {10.11606/d.55.2024.tde-10012025-165209},
}

@Comment{jabref-meta: databaseType:bibtex;}
